@inproceedings{BNAH2023,
  title = {Certified {{Knowledge Compilation}} with {{Application}} to {{Verified Model Counting}}},
  booktitle = {26th {{International Conference}} on {{Theory}} and {{Applications}} of {{Satisfiability Testing}} ({{SAT}} 2023)},
  author = {Bryant, Randal E. and Nawrocki, Wojciech and Avigad, Jeremy and Heule, Marijn J. H.},
  editor = {Mahajan, Meena and Slivovsky, Friedrich},
  year = {2023},
  series = {Leibniz {{International Proceedings}} in {{Informatics}} ({{LIPIcs}})},
  volume = {271},
  pages = {6:1--6:20},
  publisher = {Schloss Dagstuhl -- Leibniz-Zentrum f{\"u}r Informatik},
  address = {Dagstuhl, Germany},
  issn = {1868-8969},
  doi = {10.4230/LIPIcs.SAT.2023.6},
  urldate = {2023-11-09},
  isbn = {978-3-95977-286-0},
}

